@manual{MDAGuide,
  title = {{MDA Guide Version 1.0.1}},
  organization = {{Object Management Group}},
  month = {June},
  year = {2003},
  number = {{omg/2003-06-01}},
  note = {http://www.omg.org/mda/}
}

@manual{SCA222,
  title = {{Software Communications Architecture Specification Version 2.2.2}},
  organization = {{Joint Program Executive Office, Joint Tactical Radio System}},
  month = {May},
  year = {2006},
  note = {http://sca.jpeojtrs.mil/}
}

@INPROCEEDINGS{nagel08,
  author = {Nagel, Stefan and Blaschke, Volker and Elsner, Jens and Jondral, Friedrich K. and Symeonidis, Dimitrios},
  title = {{Certification for SDRs in new Public and Governmental Security Systems}},
  booktitle = {Proceedings of the SDR Forum Technical Conference 2008},
  month = {Oct},
  year = {2008}
}

@ARTICLE{cerda06,
  author = {Ramon M. Cerda},
  title = {Impact of ultralow phase noise oscillators on system performance},
  journal = {RF Design},
  month = {Jul},
  year = {2006}
}

@ARTICLE{razavi97,
  author = {Razafi, Behzad},
  title = {Design considerations for direct-conversion receivers},
  journal = {IEEE Transactions on Circuits and Systems II: Analog and Digital Signal Processing},
  month = {Jun},
  year = {1997}
}

@BOOK{paetzoldMobilKanaele,
  author = {Matthias P\"{a}tzold},
  title = {Mobile Fading Channels - modelling, analysis and simulation},
  publisher = {Wiley},
  year = {2001},
}


