% Chapter 1: Introduction

@misc{gsm,
author = {GSM Association and Europe Technologies},
title = {{GSM world coverage 2009}},
publisher = {},
howpublished ={\url {http://78.46.55.237/pubs/GSM_WorldPoster2009A.pdf}},
note = {This is an electronic document. Date retrieved: March 10, 2011.}
}

@misc{intel4004,
author = {Mary Bellis},
title = {{Inventors of the Modern Computer: Intel 4004 - The World's First Single Chip Microprocessor}},
publisher = {about.com},
howpublished ={\url {http://inventors.about.com/od/mstartinventions/a/microprocessor.htm}},
note = {This is an electronic document. Date retrieved: December 31, 2010.}
}

@misc{xc2064,
author = {Xilinx},
title = {{Our History}},
publisher = {xilinx.com},
howpublished ={\url {http://www.xilinx.com/company/history.htm}},
note = {This is an electronic document. Date retrieved: December 31, 2010.}
}

@misc{vanu,
author = {Steve Muir},
title = {{Trends in the Evolving Software Defined Radio (SDR) Market Landscape}},
publisher = {vanu.com},
howpublished ={\url {http://www.vanu.com/documents/technology/trends-in-evolving-software-defined-radio.pdf}},
note = {This is an electronic document. Date retrieved: December 31, 2010.}
}

@ARTICLE{rohde,
  author = {Ulrich Rohde},
  title = {{Digital HF Radio: A Sampling of Techniques}},
  journal = {HAM Radio Magazine},
  year = {1985},
  month = {April}
}
@INPROCEEDINGS{mitola,
author={Joseph Mitola},
title = {{The Software Radio}},
booktitle={IEEE National Telesystems Conference},
year={1992}
}



% Chapter 2: Waveform 
% Chapter 2.1: Low Level Development

@ARTICLE{prechelt_comparison,
  author = {Lutz Prechelt},
  title = {{An empirical comparison of seven programming languages}},
  journal = {Computer},
  volume = {33},
  number = {10},
  year = {2000},
  month = {October}
}

@misc{anderson_optimizing_C,
author = {Alan Anderson},
title = {{Programming and optimizing C code}},
publisher = {eetimes.com},
year = {2007},
howpublished ={\url {http://www.eetimes.com/design/automotive-design/4017021/Programming-and-optimizing-C-code-part-1}},
note = {This is an electronic document. Date of publication: February 20, 2007. Date retrieved: October 7, 2010.}
}

@ARTICLE{herity_myth,
  author = {Dominic Herity},
  title = {{C++ in embedded systems: Myth and reality}},
  journal = {Embedded Systems Programming},
  year = {1998},
  month = {February}
}
@misc{strauss_dsp_market,
author = {Will Strauss},
title = {{DSP/Wireless market analyses}},
publisher = {dsp-fpga.com},
year = {2006},
howpublished ={\url{http://www.dsp-fpga.com/articles/id/?2547}},
note = {This is an electronic document. Date retrieved: October 8, 2010.}
}

@misc{language_bench,
title = {{The Computer Language Benchmark Game}},
publisher = {shootout.alioth.debian.org},
year = {2010},
howpublished ={\url{http://shootout.alioth.debian.org/fastest-programming-language.php}},
note = {This is an electronic document. Date retrieved: October 8, 2010.}
}

@ARTICLE{dsp_high_level,
  author = {Robert Jan Ridder},
  title = {{Programming digital signal processors with high-level languages}},
  journal = {DSP Engineering},
  year = {2000},
  month = {Summer}
}

@INPROCEEDINGS{501225,
author={Kole, R.E.},
journal={ELECTRO '96. Professional Program. Proceedings.}, title={The impact of language extensions on DSP programming},
year={1996},
month={apr.},
volume={},
number={},
pages={191 -194},
keywords={C programming language;DSP programming;compilers;cost-effective processing;digital signal processors;disk drive controllers;imaging systems;language extensions;modems;performance measurement data;real world data;sound cards;C language;controllers;digital signal processing chips;microcontrollers;optimising compilers;},
doi={10.1109/ELECTR.1996.501225},
ISSN={},}

@manual{ti_opt_C,
  title = {{TMS320C6000 Optimizing C Compiler User's Guide}},
  organization = {{Texas Instruments}},
  year = {2010},
  number = {{v7.0}},
  note = {\url {http://focus.ti.com/lit/ug/spru187q/spru187q.pdf}}
}

@manual{amd_opt_C,
  title = {{Software Optimization Guide for AMD64 Processors}},
  organization = {{AMD}},
  year = {2005},
  number = {{Revision 3.06}},
  note = {\url{http://support.amd.com/Embedded\_TechDocs/25112.pdf}}
}

@misc{lee_opt_C,
title = {{Optimization of Computer Programs in C}},
author = {{Michael E. Lee}},
publisher = {Ontek Corporation},
year = {1997},
howpublished ={\url{http://leto.net/docs/C-optimization.php}},
note = {This is an electronic document. Date retrieved: October 14, 2010.}
}

@misc{pareto,
title = {{The impact of the Pareto principle in optimization}},
author = {{Jim Xochellis}},
publisher = {{The Code Project}},
year = {2010},
month = {January},
howpublished ={\url{http://www.codeproject.com/Articles/49023/The-impact-of-the-Pareto-principle-in-optimization.aspx}},
note = {This is an electronic document. Date retrieved: October 14, 2010.}
}

@misc{verilog_vs_vhdl01,
title = {{VHDL \& Verilog Compared \& Contrasted Plus Modeled Example Written in VHDL, Verilog and C}},
author = {{Douglas J. Smith}},
publisher = {{VeriBest Incorporated}},
year = {2003},
howpublished ={\url{http://www.angelfire.com/in/rajesh52/verilogvhdl.html}},
note = {This is an electronic document. Date retrieved: October 25, 2010.}
}

@misc{verilog_vs_vhdl_02,
title = {{VHDL vs Verilog}},
author = {{Anke Kamp, Frank Schmidt, Florian Thiem}},
publisher = {{Hochschule Bremen, Fachbereich Elektrotechnik und Informatik}},
year = {2007/2008}
}

@Book{baese,
	author = {Uwe Meyer-Baese},
	title = {{Digital Signal Porcessing with Field Programmable Gate Arrays}},
	year = {2007},
	edition = {3rd},
	publisher = {Springer}
}

%Chapter GNU Radio
@Article{gnu_radio_art,
	author = {Eric Blossom},
	title = {{GNU Radio: Tools for Exploring the RF Spectrum}},
	month = {June},
	volume = {122},
	year  ={2004},
	journal = {Linux Journal}
}

@MISC{gnu_radio_web,
      author = {{GNU Radio}},
      TITLE = {{Installation on the Play Station 3}},
      howpublished = {\url{http://gnuradio.org/redmine/wiki/gnuradio/BuildGuide}},
			note = {This is an electronic document. Date retrieved: January 5, 2011.}
			}


@MISC{open_sdr,
      author = {{Philip Balister}},
      TITLE = {{Installation on the Play Station 3}},
      howpublished = {\url{http://www.opensdr.com/}},
			note = {This is an electronic document. Date retrieved: January 5, 2011.}
			}


% Chapter 2.2: The SCA
@ARTICLE{moores_law,
  author = {Gordon E. Moore},
  title = {{Cramming more components onto integrated circuits}},
  journal = {Electronics},
  volume = {38},
  number = {8},
  year = {1965},
  month = {April}
}

@misc{moores_law_2,
title = {{Excerpts from A Conversation with Gordon Moore: Moore’s Law}},
author = {Gordon E. Moore},
journal = {Video Transcripts},
publisher = {{Intel}},
year = {2005},
howpublished ={\url{ftp://download.intel.com/museum/Moores_Law/Video-Transcripts/Excepts_A_Conversation_with_Gordon_Moore.pdf}},
note = {This is an electronic document. Date retrieved: October 26, 2010.}
}

@article{SCA_Tutorial_VT,
 author = {Gonz\'{a}lez, Carlos R. Aguayo and Dietrich, Carl B. and Reed, Jeffrey H.},
 title = {Understanding the software communications architecture},
 journal = {Comm. Mag.},
 volume = {47},
 number = {9},
 year = {2009},
 issn = {0163-6804},
 pages = {50--57},
 doi = {http://dx.doi.org/10.1109/MCOM.2009.5277455},
 publisher = {IEEE Press},
 address = {Piscataway, NJ, USA},
 }
 
 @article{rise_fall_corba,
 author = {Michi Henning},
 title = {{The rise and fall of CORBA}},
 journal = {Communications of the ACM},
 volume = {51},
 number = {8},
 year = {2008},
 issn = {10.1145/1378704.1378718},
 pages = {52--57}
  }
  
  @misc{SCA222,
  title = {{Software Communications Architecture Specification Version 2.2.2}},
  organization = {{Joint Program Executive Office, Joint Tactical Radio System}},
  month = {May},
  year = {2006},
  howpublished = {\url{http://sca.jpeojtrs.mil/}},
  note = {This is an electronic document. Date retrieved: October 26, 2010.}
}

@MISC{scari:website,
      author = {{Communications Research Center, CRC}},
      TITLE = {{SCARI Software Suite}},
      howpublished ={\url{http://www.crc.gc.ca/en/html/crc/home/research/satcom/rars/sdr/products/scari_suite/scari_suite}},
			note = {This is an electronic document. Date retrieved: October 26, 2010.}
			}
			
@MISC{spectra:website,
      author = {{Prismtech}},
      TITLE = {{SPECTRA}},
      howpublished = {\url{http://www.prismtechnologies.com/spectra}},
			note = {This is an electronic document. Date retrieved: October 26, 2010.}
			}
			
@MISC{ce:website,
      author = {{Zeligsoft}},
      TITLE = {{Component Enabler}},
      howpublished = {\url{http://www.zeligsoft.com/tools/zeligsoft-ce}},
			note = {This is an electronic document. Date retrieved: October 26, 2010.}
			}
			
@MISC{ossie:website,
      author = {{Wireless@Virginia Tech}},
      TITLE = {{OSSIE: Open Source SCA Implementation - Embedded}},
      howpublished = {\url{http://ossie.wireless.vt.edu/}},
			note = {This is an electronic document. Date retrieved: October 27, 2010.}
			}
			
@INPROCEEDINGS{ossie_fpga,
  author = {M. Carrick and S. Sayed and C. Dietrich and J. Reed},
  title = {{Integration of FPGAs into SDR via Memory-Mapped I/O}},
  booktitle = {Proceedings of the SDR Forum Technical Conference 2009},
  month = {Dec},
  year = {2009}
}	

@mastersthesis{ossie_omap,
  author = {Philip Balister},
  title = {{A Software Defined Radio Implemented using the OSSIE Core Framework Deployed on a TI OMAP Processor}},
  school = {Virginia Tech, Wireless@VT, VA},
  month = {Dec},
  year = {2007}
}




% Chapter 2.3: Model Based Development

@misc{MDAGuide,
  title = {{MDA Guide Version 1.0.1}},
  organization = {{Object Management Group}},
  month = {June},
  year = {2003},
  number = {{omg/2003-06-01}},
  howpublished = {\url{http://www.omg.org/mda/}},
  note = {This is an electronic document. Date retrieved: October 28, 2010.}
}

@Inproceedings{schober_mda,
	author = {T. Langguth and H. Schober},
	title  ={{SDR based Waveform Development}},
	year = {2008},
	pages = {109--114},
	booktitle = {Proc. 5th Karlsruhe Workshop on Software Radios}
}

@Inproceedings{nagel_tetra,
	author = {S. Nagel and D. Epple and F. K. Jondral},
	title  ={{Implementing the TETRA Physical Layer on Lyrtech's SFF SDR}},
	year = {2008},
	booktitle = {Proc. SDR Forum Technical Conference}
}

@misc{simu_ug,
	title  ={{Simulink User's Guide}},
	year = {2010},
	organization = {The MathWorks, Inc.},
	note = {\url{http://www.mathworks.com/help/toolbox/simulink/}}
}

@misc{mat_ug,
	title  ={{MATLAB User's Guide}},
	year = {2010},
	organization = {The MathWorks, Inc.},
	note = {\url{http://www.mathworks.com/help/techdoc/index.html}}
}

@misc{rtw_ug,
	title  ={{Real-Time Workshop User's Guide}},
	year = {2010},
	organization = {The MathWorks, Inc.},
	note = {\url{http://www.mathworks.com/help/toolbox/rtw/}}
}

@misc{rtwec_ug,
	title  ={{Real-Time Workshop Embedded Coder User's Guide}},
	year = {2010},
	organization = {The MathWorks, Inc.},
	note = {\url{http://www.mathworks.com/help/toolbox/ecoder/}}
}


@misc{hdl_ug,
	title  ={{HDL-Coder User's Guide}},
	year = {2010},
	organization = {The MathWorks, Inc.},
	note = {\url{http://www.mathworks.com/help/toolbox/slhdlcoder/}}
}

% Chapter 2.3: Code generation overhead

@INPROCEEDINGS{fftw_paper,
author={Frigo, M. and Johnson, S.G.},
booktitle={Acoustics, Speech and Signal Processing, 1998. Proceedings of the 1998 IEEE International Conference on}, title={FFTW: an adaptive software architecture for the FFT},
year={1998},
month=may,
volume={3},
number={},
pages={1381 -1384 vol.3},
keywords={DFT;FFT;FFTW;adaptive FFT program;adaptive software architecture;computer architecture;fast algorithm;floating-point operations;memory hierarchy;performance;processor pipeline;self-optimizing approach;adaptive systems;discrete Fourier transforms;fast Fourier transforms;mathematics computing;},
doi={10.1109/ICASSP.1998.681704},
ISSN={1520-6149},}

@misc{fftw_bench,
  title = {{FFTW Benchmark Results}},
  organization = {{FFTW}},
  howpublished = {\url{http://www.fftw.org/speed/}},
  note = {This is an electronic document. Date retrieved: December 03, 2010.}
}



% Chapter 3: SDR Platforms

% Chapter 3.1: General
@BOOK{razavi_RF,
  author = {Behzad Razavi},
  title = {{RF Microelectronics}},
  publisher = {Prentice Hall},
  year = {1998}
}
@BOOK{jon_SDR,
  author = {Friedrich Jondral, Ralf Machauer, Anne Wiesler},
  title = {{Software Radio, Adaptivit\"{a}t durch Parametrisierung}},
  publisher = {J. Schlemmbach Fachverlag},
  year = {2002}
}

@BOOK{reed_SR,
  author = {Jeffrey H. Reed},
  title = {{Software Radio, A Modern Approach to Radio Engineering}},
  publisher = {Prentice Hall},
  year = {2002}
}

@BOOK{FPGA_CPLD,
  author = {Bob Zeidman},
  title = {{Designing with FPGAs and CPLDs}},
  publisher = {CMP Books},
  year = {2002}
}

@BOOK{Rec_Comp,
  author = {Scott Hauck, Andr\'{e} Dehon},
  title = {{Reconfigurable Computing: The theory and practice of FPGA-based computation}},
  publisher = {Morgan Kaufmann Publishers},
  year = {2008}
}

@misc{cyclone2,
  title = {{Cyclone 2 Device Handbook, Volume 1}},
  organization = {{Altera}},
  year = {2008},
  number = {{CII5V1-3.3}},
  howpublished = {\url{http://www.altera.com}},
  note = {This is an electronic document. Date retrieved: December 03, 2010.}
}


@misc{virtex4,
  title = {{Virtex 4 FPGA User Guide}},
  organization = {{Xilinx}},
  month = {December},
  year = {2008},
  number = {{UG070 v2.6}},
  howpublished = {\url{http://www.xilinx.com}},
  note = {This is an electronic document. Date retrieved: December 03, 2010.}
}
@ARTICLE{dsp,
  author = {David Skolnick, Noam Levine},
  title = {{Why Use DSP? Digital Signal Processing 101}},
  journal = {Analog Dialogue},
  volume = {31},
  number = {1},
  year = {1997}
}

@misc{ti_c64,
  title = {{TMS320C6414, TMS320C6415, TMS320C6416, Fixed-Point Digital Signal Processors Data Sheet}},
  organization = {{Texas Instruments}},
  month = {May},
  year = {2005},
  howpublished = {\url{http://www.ti.com}},
  note = {This is an electronic document. Date retrieved: December 03, 2010.}
}


% Chapter 3.2: USRP

@MISC{ettus:website,
      AUTHOR = "Matt Ettus",
      TITLE = "Ettus Research LLC",
      MONTH = "March",
      YEAR = {2010},
      howpublished = {\url{http://www.ettus.com}},
      note = {This is an electronic document. Date retrieved: December 03, 2010.}
}
@misc{altera_cyclone,
  title = {{Cyclone FPGA Family Data Sheet}},
  organization = {{Altera}},
  month = {March},
  year = {2010},
  howpublished = {\url{http://www.altera.com}},
  note = {This is an electronic document. Date retrieved: December 03, 2010.}
}

@misc{ad9862,
  title = {{Data Sheet for the Mixed Signal Front-End Processor for Broadband Communications}},
  organization = {{Analog Devices}},
  month = {March},
  year = {2010},
  howpublished = {\url{http://www.analog.com}},
  note = {This is an electronic document. Date retrieved: December 03, 2010.}
}
@misc{cypress_fx2,
  title = {{Data Sheet for the CY7C68013 EZ-USB FX2 USB Microcontroller, High-Speed USB Peripheral Controller}},
  organization = {{Cypress}},
  month = {March},
  year = {2010},
  howpublished = {\url{http://www.cypress.com}},
  note = {This is an electronic document. Date retrieved: December 03, 2010.}
}

@misc{ad8347,
  title = {{Data Sheet for the 0.8 GHz to 2.7 GHz Direct Conversion Quadrature Demodulator AD8347}},
  organization = {{Analog Devices}},
  year = {2005},
  howpublished = {\url{http://www.analog.com}},
  note = {This is an electronic document. Date retrieved: December 03, 2010.}
}

@misc{ad8348,
  title = {{Data Sheet for the 50 MHz to 1000 MHz Quadrature Demodulator AD8348}},
  organization = {{Analog Devices}},
  year = {2005},
  howpublished = {\url{http://www.analog.com}},
  note = {This is an electronic document. Date retrieved: December 03, 2010.}
}

@misc{ad8345,
  title = {{Data Sheet for the 140 MHz to 1000 MHz Quadrature Modulator AD8345}},
  organization = {{Analog Devices}},
  year = {2005},
  howpublished = {\url{http://www.analog.com}},
  note = {This is an electronic document. Date retrieved: December 03, 2010.}
}

@misc{ad8349,
  title = {{Data Sheet for the 700 MHz to 2700 MHz Quadrature Modulator AD8349}},
  organization = {{Analog Devices}},
  year = {2005},
  howpublished = {\url{http://www.analog.com}},
  note = {This is an electronic document. Date retrieved: December 03, 2010.}
}


% Chapter 3.3: SFF SDR

@misc{lyrtech_sff_sdr,
  title = {{Small Form Factor SDR Evaluation Module/ Development Platform User's Guide}},
  organization = {{Lyrtech}},
  month = {October},
  year = {2007},  
  howpublished = {\url{http://www.lyrtech.com}},
  note = {This is an electronic document. Date retrieved: December 03, 2010.}
}

@misc{ti_dm6446,
  title = {{TMS320DM6446 Digital Media System-on-Chip Data Sheet}},
  organization = {{Texas Instruments}},
  month = {March},
  year = {2008},
  howpublished = {\url{http://www.ti.com}},
  note = {This is an electronic document. Date retrieved: December 03, 2010.}
}

@misc{ads5500,
  title = {{Datasheet for the 14-bit, 125 MSPS Analog-to-Digital Converter ADS5500}},
  organization = {{Texas Instruments}},
  month = {February},
  year = {2007},
  howpublished = {\url{http://www.ti.com}},
  note = {This is an electronic document. Date retrieved: December 03, 2010.}
}

@misc{dac5687,
  title = {{Datasheet for the 16-bit, 500 MSPS 2x–8x Interpolating Dual-Channel Digital-to-Analog Converter DAC5687}},
  organization = {{Texas Instruments}},
  month = {September},
  year = {2006},
  howpublished = {\url{http://www.ti.com}},
  note = {This is an electronic document. Date retrieved: December 03, 2010.}
}

@misc{ad9511,
  title = {{Datasheet for the 1.2 GHz Clock Distribution IC AD9511 with PLL Core, Dividers, Delay Adjust, Five Outputs}},
  organization = {{Analog Devices}},
  month = {June},
  year = {2005},
  howpublished = {\url{http://www.analog.com}},
  note = {This is an electronic document. Date retrieved: December 03, 2010.}
}

@misc{trf3701,
  title = {{Datasheet for the TRF3701 0.6 GHz to 1.0 GHz Quadrature Modulator}},
  organization = {{Texas Instruments}},
  month = {February},
  year = {2003},
  howpublished = {\url{http://www.ti.com}},
  note = {This is an electronic document. Date retrieved: December 03, 2010.}
}

@misc{trf1115,
  title = {{Datasheet for the TRF1115 2.5 GHz, High Dynamic Range, Low-Noise Down-Converter}},
  organization = {{Texas Instruments}},
  month = {September},
  year = {2006},
  howpublished = {\url{http://www.ti.com}},
  note = {This is an electronic document. Date retrieved: December 03, 2010.}
}

@misc{trf1112,
  title = {{Datasheet for the TRF1112 Dual VCO/PLL Synthesizer with IF downconversion}},
  organization = {{Texas Instruments}},
  month = {December},
  year = {2005},
   howpublished = {\url{http://www.ti.com}},
  note = {This is an electronic document. Date retrieved: December 03, 2010.}
}
@misc{trf1121,
  title = {{Datasheet for the TRF1121 Dual VCO/PLL Synthesizer with IF Up-Converter}},
  organization = {{Texas Instruments}},
  month = {December},
  year = {2005},
  howpublished = {\url{http://www.ti.com}},
  note = {This is an electronic document. Date retrieved: December 03, 2010.}
}

@misc{trf1122,
  title = {{Datasheet for the TRF1122 2.5 GHz Integrated Up-Converter}},
  organization = {{Texas Instruments}},
  month = {September},
  year = {2006},
  howpublished = {\url{http://www.ti.com}},
  note = {This is an electronic document. Date retrieved: December 03, 2010.}
}



@INPROCEEDINGS{nagel08,
  author = {Nagel, Stefan and Blaschke, Volker and Elsner, Jens and Jondral, Friedrich K. and Symeonidis, Dimitrios},
  title = {{Certification for SDRs in new Public and Governmental Security Systems}},
  booktitle = {Proceedings of the SDR Forum Technical Conference 2008},
  month = {Oct},
  year = {2008}
}

@ARTICLE{cerda06,
  author = {Ramon M. Cerda},
  title = {{Impact of ultralow phase noise oscillators on system performance}},
  journal = {RF Design},
  month = {Jul},
  year = {2006}
}

@ARTICLE{razavi97,
  author = {Razafi, Behzad},
  title = {{Design considerations for direct-conversion receivers}},
  journal = {IEEE Transactions on Circuits and Systems II: Analog and Digital Signal Processing},
  month = {Jun},
  year = {1997}
}


% Chapter 4.1: TETRA

@BOOK{DigCom_tetra,
	author	=	{John Dunlop, Demessie Girma, James Irvine},
  year = {1999},	
  title = {{Digital Mobile Communications and the TETRA System}},
  edition = {1},
  publisher = {Wiley}
}

@BOOK{Netze_Protokolle_2,
	author	=	{Bernhard Walke},
  year = {2001},	
  title = {{Mobilfunknetze und ihre Protokolle 2}},
  edition = {3},
  publisher = {Teubner}
}

@PhDThesis{Steppler,
	author = {Martin Steppler},
	title  ={Leistungsbewertung von TETRA Mobilfunksystemen durch Analyse und Emulation ihrer Protolle},
	year = {2002},
	school = {Department of Communication Networks (ComNets), Faculty 6, RWTH Aachen University}
}

@BOOK{Kammeyer,
	author	=	{Karl-Dirk Kammeyer},
  year = {2004},	
  title = {{Nachrichtenuebertragung}},
  edition = {3},
  publisher = {Teubner}
}

@BOOK{Bossert,
	author	=	{Martin Bossert},
  year = {1998},	
  title = {{Kanalcodierung}},
  edition = {2},
  publisher = {Teubner}
}



@BOOK{ETSI07,
	author	=	{ETSI},
  year = {2007},	
  title = {{Terrestrial Trunked Radio (TETRA); Voice plus Data; Part 2: Air Interface (AI)}},
  edition = {3.2.1},
  publisher = {European Telecommunications Standards Institute}
}

@ARTICLE{oerder,
author={Oerder, M. and Meyr, H.},
journal={Communications, IEEE Transactions on}, title={Digital filter and square timing recovery},
year={1988},
month=may,
volume={36},
number={5},
pages={605 -612},
keywords={digital algorithm;digital data transmission;digital filter;free-running sampling oscillators;planar filtering method;synchronisation hangups;timing jitter;timing recovery circuits;digital communication systems;digital filters;filtering and prediction theory;synchronisation;timing circuits;},
doi={10.1109/26.1476},
ISSN={0090-6778},}



@ARTICLE{hogenauer,
author={Hogenauer, E.},
journal={Acoustics, Speech and Signal Processing, IEEE Transactions on}, title={An economical class of digital filters for decimation and interpolation},
year={1981},
month=apr,
volume={29},
number={2},
pages={ 155 - 162},
keywords={},
doi={10.1109/TASSP.1981.1163535},
ISSN={0096-3518},}


@ARTICLE{cic_comp,
author={Altera},
journal={Application Note},
title={{Understanding CIC Compensation Filters}},
year={2007},
month=apr,
volume={455},}




@ARTICLE{alberty,
author={Alberty, T. and Hespelt, V.},
journal={Communications, IEEE Transactions on}, title={A new pattern jitter free frequency error detector},
year={1989},
month=feb,
volume={37},
number={2},
pages={159 -163},
keywords={AFC loop;MPSK signals;MQAM signals;PLL bandwidths;balanced quadricorrelator;digital modulation;fast acquisition;large frequency offsets;pattern jitter free frequency error detector;phase-locked loop;random data;amplitude modulation;correlators;error detection;phase shift keying;signal detection;},
doi={10.1109/26.20084},
ISSN={0090-6778},}

@article{cordic,
author = {Jack Volder},
title = {The CORDIC Computing Technique},
journal ={Managing Requirements Knowledge, International Workshop on},
volume = {0},
isbn = {},
year = {1959},
pages = {257},
doi = {http://doi.ieeecomputersociety.org/10.1109/AFIPS.1959.57},
publisher = {IEEE Computer Society},
address = {Los Alamitos, CA, USA},
}

% Chapter 5.2: 802.11
@ARTICLE{IEEE802.11,
title = {{IEEE Standard for Information technology — Telecommunications and information exchange between systems — Local and metropolitan area networks — Specific requirements Part 11: Wireless LAN Medium Access Control (MAC) and Physical Layer (PHY) Specifications}},
author={IEEE 802.11 Working Group},
journal={IEEE Standard 802.11},
year={2007},
}

@ARTICLE{schmidl_cox,
author={Schmidl, T.M. and Cox, D.C.},
journal={Communications, IEEE Transactions on}, title={Robust frequency and timing synchronization for OFDM},
year={1997},
month=dec,
volume={45},
number={12},
pages={1613 -1621},
keywords={Cramer-Rao lower bound;OFDM system;PSK;QAM;SNR;averaging;burst operation;carrier frequency offsets;continuous transmission;frequency offset estimate;frequency synchronization;frequency-selective channel;low signal-to-noise ratios;orthogonal frequency-division multiplexing;rapid synchronization method;signal detection;subchannels spacings;timing synchronization;training sequence symbols;variance;wireless LAN;frequency division multiplexing;frequency estimation;synchronisation;telecommunication channels;wireless LAN;},
doi={10.1109/26.650240},
ISSN={0090-6778},}

@ARTICLE{nagel_frequenz,
author={{Stefan Nagel, Michael Schwall, Friedrich K. Jondral}},
journal={Frequenz}, title={Porting of Waveforms: Principles and Implementation},
year={2010},
month={nov/dec},
volume={64},
number={11-12},
pages={218 -223}
}

% Eigene Veröffentlichungen die noch nicht drin sind

@INPROCEEDINGS{pwd,
author={{Stefan Nagel, Michael Schwall, Friedrich K. Jondral}},
title = {{Portable Waveform Design}},
booktitle={Proceedings of 20th Virginia Tech Symposium on Wireless Communications},
year={2010},
month={June},
address={Blacksburg VA}
}

@INPROCEEDINGS{perf_overhead,
author={{Stefan Nagel, Michael Schwall, Friedrich K. Jondral}},
title = {{Performance Overhead of High-Level Waveform Development}},
booktitle={Proceedings of the SDR Forum 2010 European Reconfigurable Radio Technologies Workshop},
year={2010},
month={June},
address={Mainz}
}

@INPROCEEDINGS{wnitl,
author={{Jens Elsner, Martin Braun, Stefan Nagel, Kshama Nagaraj, Friedrich K. Jondral}},
title = {{Wireless Networks In-the-Loop: Software Radio as the Enabler}},
booktitle={Proceedings of the Software Defined Radio Forum Technical Conference},
year={2009},
month={December},
address={Washington DC}
}

@Article{sdr_pgs,
	author = {{Stefan Nagel, Friedrich Jondral}},
	title = {{Software Defined Radio in Public and Governmental Security Systems}},
	year  ={2009},
	journal = {Micromaterials and Nanomaterials},
	pages = {94-97},
	number = {10}
}

@INPROCEEDINGS{europ_system,
author={{Stefan Nagel, Volker Blaschke, Friedrich Jondral, Eric Nicollet, Dominique Ragot}},
title = {{Wireless Interoperability for Security - WINTSEC}},
booktitle={Proceedings of the Software Defined Radio Forum Technical Conference},
year={2007},
month={November},
address={Denver CO}
}

%Kapitel 6:
@misc{ti_fix_float,
author = {Arnon Friedmann},
title = {{TI’s new TMS320C66x fixed and floating-point DSP core conquers the ‘Need for Speed’}},
publisher = {Texas Instruments},
year={2010},
month={November},
howpublished ={\url {http://focus.ti.com/lit/wp/spry147/spry147.pdf}},
note = {This is an electronic document. Date retrieved: March 10, 2011.}
}

@misc{ti_vit,
author = {Jelena Nikolic-Popovic},
title = {{Using TMS320C6416 Coprocessors: Viterbi Coprocessor (VCP)}},
publisher = {Texas Instruments},
year={2003},
month={September},
howpublished ={\url {http://focus.ti.com/lit/an/spra750d/spra750d.pdf}},
note = {This is an electronic document. Date retrieved: March 10, 2011.}
}


