@inproceedings{Kaushik15_CC,
AUTHOR={Ankit Kaushik and Shree Krishna Sharma and Symeon Chatzinotas and Bj{\"o}rn
Ottersten and Friedrich K. Jondral},
booktitle={10th International Conference on Cognitive Radio Oriented Wireless Networks and Communications (CROWNCOM)},
title="{Sensing-Throughput Tradeoff for Cognitive Radio Systems with Unknown Received Power}",
year={2015},
month={April},
}


@INPROCEEDINGS{Kaushik15,
AUTHOR={Ankit Kaushik and Shree Krishna Sharma and Symeon Chatzinotas and Bj{\"o}rn
Ottersten and Friedrich K. Jondral},
booktitle={{IEEE International Conference on Communications (ICC)}},
TITLE="{Estimation-Throughput} Tradeoff for Underlay Cognitive Radio Systems",
pages={7701-7706},
MONTH={June},
YEAR={2015},
}

@ARTICLE{Kaushik16,
AUTHOR={Ankit Kaushik and Shree Krishna Sharma and Symeon Chatzinotas and Bj{\"o}rn
Ottersten and Friedrich K. Jondral},
journal={IEEE Transactions on Wireless Communications},
title={{Sensing-Throughput Tradeoff for Interweave Cognitive Radio System: A Deployment-Centric Viewpoint}},
year={2016},
volume={PP},
number={99},
doi={10.1109/TWC.2016.2525986},
ISSN={1536-1276},
}


@ARTICLE{Kaushik16_CL,
AUTHOR={Ankit Kaushik and Shree Krishna Sharma and Symeon Chatzinotas and Bj{\"o}rn
Ottersten and Friedrich K. Jondral},
journal={IEEE Transactions on Cognitive Communications and Networking},
title={{On the Performance Analysis of Underlay Cognitive Radio Systems: A Deployment Perspective}},
note={(submitted)},
}


